<?xml version="1.0" encoding="UTF-8" standalone="yes"?>
<Document xmlns="urn:iso:std:iso:20022:tech:xsd:pain.008.001.02">
  <CstmrDrctDbtInitn>
    <GrpHdr>
      <MsgId>BNPAFRPPXXX.1410068947053607</MsgId>
      <CreDtTm>2014-10-06T10:42:07</CreDtTm>
      <NbOfTxs>1</NbOfTxs>
      <CtrlSum>1025.00</CtrlSum>
      <InitgPty>
        <Nm>enfant</Nm>
      </InitgPty>
    </GrpHdr>
    <PmtInf>
      <PmtInfId>FR05TOT123789-3258</PmtInfId>
      <PmtMtd>DD</PmtMtd>
      <NbOfTxs>1</NbOfTxs>
      <CtrlSum>1025.00</CtrlSum>
      <PmtTpInf>
        <SvcLvl>
          <Cd>SEPA</Cd>
        </SvcLvl>
        <LclInstrm>
          <Cd>CORE</Cd>
        </LclInstrm>
        <SeqTp>RCUR</SeqTp>
      </PmtTpInf>
      <ReqdColltnDt>2014-10-15</ReqdColltnDt>
      <Cdtr>
        <Nm>PierreHolding</Nm>
        <PstlAdr>
          <Dept>69000</Dept>
          <StrtNm>Vivier</StrtNm>
          <BldgNb>12</BldgNb>
          <PstCd>69000</PstCd>
          <TwnNm>LYON</TwnNm>
          <Ctry>FR</Ctry>
          <AdrLine>Vivier</AdrLine>
          <AdrLine>69000 LYON</AdrLine>
        </PstlAdr>
      </Cdtr>
      <CdtrAcct>
        <Id>
          <IBAN>FR0000000000000000000000000</IBAN>
        </Id>
      </CdtrAcct>
      <CdtrAgt>
        <FinInstnId>
          <BIC>GRPPFRSEXXX</BIC>
        </FinInstnId>
      </CdtrAgt>
      <ChrgBr>SLEV</ChrgBr>
      <CdtrSchmeId>
        <Id>
          <PrvtId>
            <Othr>
              <Id>FR05TOT123789</Id>
              <SchmeNm>
                <Prtry>SEPA</Prtry>
              </SchmeNm>
            </Othr>
          </PrvtId>
        </Id>
      </CdtrSchmeId>
      <DrctDbtTxInf>
        <PmtId>
          <EndToEndId>VA093340188260001</EndToEndId>
        </PmtId>
        <InstdAmt Ccy="EUR">1025.00</InstdAmt>
        <DrctDbtTx>
          <MndtRltdInf>
            <MndtId>VIRGAY11253423200001</MndtId>
            <DtOfSgntr>2013-07-13</DtOfSgntr>
            <AmdmntInd>false</AmdmntInd>
          </MndtRltdInf>
        </DrctDbtTx>
        <DbtrAgt>
          <FinInstnId>
            <BIC>GRPPFRSEXXX</BIC>
          </FinInstnId>
        </DbtrAgt>
        <Dbtr>
          <Nm>Jones</Nm>
        </Dbtr>
        <DbtrAcct>
          <Id>
            <IBAN>FR0000000000000000000000000</IBAN>
          </Id>
        </DbtrAcct>
        <RmtInf>
          <Ustrd>LIFE INSURANCE PAYMENT/ JULY 2010</Ustrd>
        </RmtInf>
      </DrctDbtTxInf>
    </PmtInf>
  </CstmrDrctDbtInitn>
</Document>